@misc{ agromet-moerman,
          author = {Damien ROSILLON},
          title = {MOERMAN 2016 AGROMET},
          year = {2016}
   }

   @misc{ agromet-fichesuivi,
          author = {Damien ROSILLON},
          title = {Fiche suivi de projet AGROMET},
          year = {2017}
   }
   @misc{ agromet-compte-rendu,
          author = {Damien ROSILLON},
          title = {Compte rendu r√©union CRA-W/IRM 25/04/2017},
          year = {2017},
   }

   @misc{CRAW,
       title = {CRAW},
       url = {\url{http://www.cra.wallonie.be/fr}}
}

   @misc{Framagit,
       title = {Framagit},
       url = {\url{https://framagit.org/public/projects}},
}

   @misc{SendinBlue,
       title = {SendinBlue},
       url = {\url{https://fr.sendinblue.com/}},
}

   @misc{Framaboard,
       title = {Framaboard},
       url = {\url{https://framaboard.org/}},
}
